<?xml version="1.0" encoding="UTF-8"?>
<!DOCTYPE KMYMONEY-FILE>
<KMYMONEY-FILE>
  <FILEINFO>
    <CREATION_DATE date=""/>
    <LAST_MODIFIED_DATE date="2025-01-11T16:10:54+01:00"/>
    <VERSION id="1"/>
    <FIXVERSION date=""/>
    <APPVERSION id="5.1.90-adc081d7b"/>
  </FILEINFO>
  <USER name="Test1" email="">
    <ADDRESS street="" city="" state="" zip="" telephone="" country="" county="" zipcode="" postcode=""/>
  </USER>
  <INSTITUTIONS>
    <INSTITUTION id="I000001" name="Inst1" manager="" sortcode="">
      <ADDRESS street="" city="" state="" zip="" telephone="" country="" county="" zipcode="" postcode=""/>
      <ACCOUNTIDS>
        <ACCOUNTID id="A000001"/>
      </ACCOUNTIDS>
    </INSTITUTION>
    <INSTITUTION id="I000002" name="Inst2" manager="" sortcode="">
      <ADDRESS street="" city="Foreign" state="" zip="" telephone="" country="" county="" zipcode="" postcode=""/>
      <ACCOUNTIDS>
        <ACCOUNTID id="A000060"/>
      </ACCOUNTIDS>
    </INSTITUTION>
  </INSTITUTIONS>
  <PAYEES>
    <PAYEE id="P000001" name="Payee1" reference="" email="" matchingenabled="0">
      <ADDRESS street="" city="" state="" zip="" telephone="" country="" county="" zipcode="" postcode=""/>
    </PAYEE>
    <PAYEE id="P000002" name="Payee2" reference="" email="" matchingenabled="0">
      <ADDRESS street="" city="" state="" zip="" telephone="" country="" county="" zipcode="" postcode=""/>
    </PAYEE>
  </PAYEES>
  <COSTCENTERS/>
  <TAGS/>
  <ACCOUNTS>
    <ACCOUNT id="AStd::Asset" parentaccount="" lastreconciled="" lastmodified="" institution="" opened="" number="" type="9" name="Asset" description="" currency="GBP">
      <SUBACCOUNTS>
        <SUBACCOUNT id="A000001"/>
        <SUBACCOUNT id="A000011"/>
        <SUBACCOUNT id="A000060"/>
      </SUBACCOUNTS>
    </ACCOUNT>
    <ACCOUNT id="AStd::Liability" parentaccount="" lastreconciled="" lastmodified="" institution="" opened="" number="" type="10" name="Liability" description="" currency="GBP">
      <SUBACCOUNTS>
        <SUBACCOUNT id="A000059"/>
      </SUBACCOUNTS>
    </ACCOUNT>
    <ACCOUNT id="AStd::Expense" parentaccount="" lastreconciled="" lastmodified="" institution="" opened="" number="" type="13" name="Expense" description="" currency="GBP">
      <SUBACCOUNTS>
        <SUBACCOUNT id="A000015"/>
        <SUBACCOUNT id="A000019"/>
        <SUBACCOUNT id="A000020"/>
        <SUBACCOUNT id="A000021"/>
        <SUBACCOUNT id="A000022"/>
        <SUBACCOUNT id="A000023"/>
        <SUBACCOUNT id="A000024"/>
        <SUBACCOUNT id="A000025"/>
        <SUBACCOUNT id="A000030"/>
        <SUBACCOUNT id="A000031"/>
        <SUBACCOUNT id="A000032"/>
        <SUBACCOUNT id="A000037"/>
        <SUBACCOUNT id="A000038"/>
        <SUBACCOUNT id="A000039"/>
        <SUBACCOUNT id="A000040"/>
        <SUBACCOUNT id="A000041"/>
        <SUBACCOUNT id="A000045"/>
        <SUBACCOUNT id="A000046"/>
        <SUBACCOUNT id="A000047"/>
        <SUBACCOUNT id="A000053"/>
        <SUBACCOUNT id="A000054"/>
        <SUBACCOUNT id="A000055"/>
        <SUBACCOUNT id="A000056"/>
        <SUBACCOUNT id="A000057"/>
        <SUBACCOUNT id="A000058"/>
      </SUBACCOUNTS>
    </ACCOUNT>
    <ACCOUNT id="AStd::Income" parentaccount="" lastreconciled="" lastmodified="" institution="" opened="" number="" type="12" name="Income" description="" currency="GBP">
      <SUBACCOUNTS>
        <SUBACCOUNT id="A000003"/>
        <SUBACCOUNT id="A000004"/>
        <SUBACCOUNT id="A000005"/>
        <SUBACCOUNT id="A000006"/>
        <SUBACCOUNT id="A000007"/>
      </SUBACCOUNTS>
    </ACCOUNT>
    <ACCOUNT id="AStd::Equity" parentaccount="" lastreconciled="" lastmodified="" institution="" opened="" number="" type="16" name="Equity" description="" currency="GBP">
      <SUBACCOUNTS>
        <SUBACCOUNT id="A000002"/>
        <SUBACCOUNT id="A000061"/>
      </SUBACCOUNTS>
    </ACCOUNT>
    <ACCOUNT id="A000001" parentaccount="AStd::Asset" lastreconciled="" lastmodified="2015-03-27" institution="I000001" opened="2015-01-01" number="0001" type="1" name="Acct 1" description="" currency="GBP"/>
    <ACCOUNT id="A000002" parentaccount="AStd::Equity" lastreconciled="" lastmodified="2015-03-27" institution="" opened="2015-01-01" number="" type="16" name="Opening Balances" description="" currency="GBP"/>
    <ACCOUNT id="A000003" parentaccount="AStd::Income" lastreconciled="" lastmodified="" institution="" opened="1900-01-01" number="" type="12" name="Bonus" description="" currency="GBP"/>
    <ACCOUNT id="A000004" parentaccount="AStd::Income" lastreconciled="" lastmodified="" institution="" opened="1900-01-01" number="" type="12" name="Other Income" description="" currency="GBP"/>
    <ACCOUNT id="A000005" parentaccount="AStd::Income" lastreconciled="" lastmodified="" institution="" opened="1900-01-01" number="" type="12" name="Gifts Received" description="" currency="GBP"/>
    <ACCOUNT id="A000006" parentaccount="AStd::Income" lastreconciled="" lastmodified="" institution="" opened="1900-01-01" number="" type="12" name="Salary" description="" currency="GBP"/>
    <ACCOUNT id="A000007" parentaccount="AStd::Income" lastreconciled="" lastmodified="" institution="" opened="1900-01-01" number="" type="12" name="Interest Income" description="" currency="GBP">
      <SUBACCOUNTS>
        <SUBACCOUNT id="A000008"/>
        <SUBACCOUNT id="A000009"/>
        <SUBACCOUNT id="A000010"/>
      </SUBACCOUNTS>
    </ACCOUNT>
    <ACCOUNT id="A000008" parentaccount="A000007" lastreconciled="" lastmodified="" institution="" opened="1900-01-01" number="" type="12" name="Other Interest" description="" currency="GBP"/>
    <ACCOUNT id="A000009" parentaccount="A000007" lastreconciled="" lastmodified="" institution="" opened="1900-01-01" number="" type="12" name="Savings Interest" description="" currency="GBP"/>
    <ACCOUNT id="A000010" parentaccount="A000007" lastreconciled="" lastmodified="" institution="" opened="1900-01-01" number="" type="12" name="Checking Interest" description="" currency="GBP"/>
    <ACCOUNT id="A000011" parentaccount="AStd::Asset" lastreconciled="" lastmodified="" institution="" opened="2015-03-27" number="" type="9" name="Current Assets" description="" currency="GBP">
      <SUBACCOUNTS>
        <SUBACCOUNT id="A000012"/>
        <SUBACCOUNT id="A000013"/>
        <SUBACCOUNT id="A000014"/>
      </SUBACCOUNTS>
    </ACCOUNT>
    <ACCOUNT id="A000012" parentaccount="A000011" lastreconciled="" lastmodified="" institution="" opened="2015-03-27" number="" type="1" name="Checking Account" description="" currency="GBP"/>
    <ACCOUNT id="A000013" parentaccount="A000011" lastreconciled="" lastmodified="" institution="" opened="2015-03-27" number="" type="3" name="Cash in Wallet" description="" currency="GBP"/>
    <ACCOUNT id="A000014" parentaccount="A000011" lastreconciled="" lastmodified="" institution="" opened="2015-03-27" number="" type="1" name="Savings Account" description="" currency="GBP"/>
    <ACCOUNT id="A000015" parentaccount="AStd::Expense" lastreconciled="" lastmodified="" institution="" opened="1900-01-01" number="" type="13" name="Entertainment" description="" currency="GBP">
      <SUBACCOUNTS>
        <SUBACCOUNT id="A000016"/>
        <SUBACCOUNT id="A000017"/>
        <SUBACCOUNT id="A000018"/>
      </SUBACCOUNTS>
    </ACCOUNT>
    <ACCOUNT id="A000016" parentaccount="A000015" lastreconciled="" lastmodified="" institution="" opened="1900-01-01" number="" type="13" name="Music/Movies" description="" currency="GBP"/>
    <ACCOUNT id="A000017" parentaccount="A000015" lastreconciled="" lastmodified="" institution="" opened="1900-01-01" number="" type="13" name="Travel" description="" currency="GBP"/>
    <ACCOUNT id="A000018" parentaccount="A000015" lastreconciled="" lastmodified="" institution="" opened="1900-01-01" number="" type="13" name="Recreation" description="" currency="GBP"/>
    <ACCOUNT id="A000019" parentaccount="AStd::Expense" lastreconciled="" lastmodified="" institution="" opened="1900-01-01" number="" type="13" name="Books" description="" currency="GBP"/>
    <ACCOUNT id="A000020" parentaccount="AStd::Expense" lastreconciled="" lastmodified="2015-03-27" institution="" opened="1900-01-01" number="" type="13" name="Dining" description="" currency="GBP"/>
    <ACCOUNT id="A000021" parentaccount="AStd::Expense" lastreconciled="" lastmodified="" institution="" opened="1900-01-01" number="" type="13" name="Gifts" description="" currency="GBP"/>
    <ACCOUNT id="A000022" parentaccount="AStd::Expense" lastreconciled="" lastmodified="" institution="" opened="1900-01-01" number="" type="13" name="Medical Expenses" description="" currency="GBP"/>
    <ACCOUNT id="A000023" parentaccount="AStd::Expense" lastreconciled="" lastmodified="" institution="" opened="1900-01-01" number="" type="13" name="Charity" description="" currency="GBP"/>
    <ACCOUNT id="A000024" parentaccount="AStd::Expense" lastreconciled="" lastmodified="" institution="" opened="1900-01-01" number="" type="13" name="Public Transportation" description="" currency="GBP"/>
    <ACCOUNT id="A000025" parentaccount="AStd::Expense" lastreconciled="" lastmodified="" institution="" opened="1900-01-01" number="" type="13" name="Auto" description="" currency="GBP">
      <SUBACCOUNTS>
        <SUBACCOUNT id="A000026"/>
        <SUBACCOUNT id="A000027"/>
        <SUBACCOUNT id="A000028"/>
        <SUBACCOUNT id="A000029"/>
      </SUBACCOUNTS>
    </ACCOUNT>
    <ACCOUNT id="A000026" parentaccount="A000025" lastreconciled="" lastmodified="" institution="" opened="1900-01-01" number="" type="13" name="Gas" description="" currency="GBP"/>
    <ACCOUNT id="A000027" parentaccount="A000025" lastreconciled="" lastmodified="" institution="" opened="1900-01-01" number="" type="13" name="Parking" description="" currency="GBP"/>
    <ACCOUNT id="A000028" parentaccount="A000025" lastreconciled="" lastmodified="" institution="" opened="1900-01-01" number="" type="13" name="Repair and Maintenance" description="" currency="GBP"/>
    <ACCOUNT id="A000029" parentaccount="A000025" lastreconciled="" lastmodified="" institution="" opened="1900-01-01" number="" type="13" name="Fees" description="" currency="GBP"/>
    <ACCOUNT id="A000030" parentaccount="AStd::Expense" lastreconciled="" lastmodified="" institution="" opened="1900-01-01" number="" type="13" name="Bank Service Charge" description="" currency="GBP"/>
    <ACCOUNT id="A000031" parentaccount="AStd::Expense" lastreconciled="" lastmodified="" institution="" opened="1900-01-01" number="" type="13" name="Education" description="" currency="GBP"/>
    <ACCOUNT id="A000032" parentaccount="AStd::Expense" lastreconciled="" lastmodified="" institution="" opened="1900-01-01" number="" type="13" name="Utilities" description="" currency="GBP">
      <SUBACCOUNTS>
        <SUBACCOUNT id="A000033"/>
        <SUBACCOUNT id="A000034"/>
        <SUBACCOUNT id="A000035"/>
        <SUBACCOUNT id="A000036"/>
      </SUBACCOUNTS>
    </ACCOUNT>
    <ACCOUNT id="A000033" parentaccount="A000032" lastreconciled="" lastmodified="" institution="" opened="1900-01-01" number="" type="13" name="Water" description="" currency="GBP"/>
    <ACCOUNT id="A000034" parentaccount="A000032" lastreconciled="" lastmodified="" institution="" opened="1900-01-01" number="" type="13" name="Gas" description="" currency="GBP"/>
    <ACCOUNT id="A000035" parentaccount="A000032" lastreconciled="" lastmodified="" institution="" opened="1900-01-01" number="" type="13" name="Garbage collection" description="" currency="GBP"/>
    <ACCOUNT id="A000036" parentaccount="A000032" lastreconciled="" lastmodified="" institution="" opened="1900-01-01" number="" type="13" name="Electric" description="" currency="GBP"/>
    <ACCOUNT id="A000037" parentaccount="AStd::Expense" lastreconciled="" lastmodified="" institution="" opened="1900-01-01" number="" type="13" name="Supplies" description="" currency="GBP"/>
    <ACCOUNT id="A000038" parentaccount="AStd::Expense" lastreconciled="" lastmodified="" institution="" opened="1900-01-01" number="" type="13" name="Clothes" description="" currency="GBP"/>
    <ACCOUNT id="A000039" parentaccount="AStd::Expense" lastreconciled="" lastmodified="" institution="" opened="1900-01-01" number="" type="13" name="Subscriptions" description="" currency="GBP"/>
    <ACCOUNT id="A000040" parentaccount="AStd::Expense" lastreconciled="" lastmodified="" institution="" opened="1900-01-01" number="" type="13" name="Phone" description="" currency="GBP"/>
    <ACCOUNT id="A000041" parentaccount="AStd::Expense" lastreconciled="" lastmodified="" institution="" opened="1900-01-01" number="" type="13" name="Insurance" description="" currency="GBP">
      <SUBACCOUNTS>
        <SUBACCOUNT id="A000042"/>
        <SUBACCOUNT id="A000043"/>
        <SUBACCOUNT id="A000044"/>
      </SUBACCOUNTS>
    </ACCOUNT>
    <ACCOUNT id="A000042" parentaccount="A000041" lastreconciled="" lastmodified="" institution="" opened="1900-01-01" number="" type="13" name="Auto Insurance" description="" currency="GBP"/>
    <ACCOUNT id="A000043" parentaccount="A000041" lastreconciled="" lastmodified="" institution="" opened="1900-01-01" number="" type="13" name="Life Insurance" description="" currency="GBP"/>
    <ACCOUNT id="A000044" parentaccount="A000041" lastreconciled="" lastmodified="" institution="" opened="1900-01-01" number="" type="13" name="Health Insurance" description="" currency="GBP"/>
    <ACCOUNT id="A000045" parentaccount="AStd::Expense" lastreconciled="" lastmodified="" institution="" opened="1900-01-01" number="" type="13" name="Online Services" description="" currency="GBP"/>
    <ACCOUNT id="A000046" parentaccount="AStd::Expense" lastreconciled="" lastmodified="" institution="" opened="1900-01-01" number="" type="13" name="Adjustment" description="" currency="GBP"/>
    <ACCOUNT id="A000047" parentaccount="AStd::Expense" lastreconciled="" lastmodified="" institution="" opened="1900-01-01" number="" type="13" name="Taxes" description="" currency="GBP">
      <SUBACCOUNTS>
        <SUBACCOUNT id="A000048"/>
        <SUBACCOUNT id="A000049"/>
        <SUBACCOUNT id="A000050"/>
        <SUBACCOUNT id="A000051"/>
        <SUBACCOUNT id="A000052"/>
      </SUBACCOUNTS>
    </ACCOUNT>
    <ACCOUNT id="A000048" parentaccount="A000047" lastreconciled="" lastmodified="" institution="" opened="1900-01-01" number="" type="13" name="Social Security" description="" currency="GBP"/>
    <ACCOUNT id="A000049" parentaccount="A000047" lastreconciled="" lastmodified="" institution="" opened="1900-01-01" number="" type="13" name="State/Province" description="" currency="GBP"/>
    <ACCOUNT id="A000050" parentaccount="A000047" lastreconciled="" lastmodified="" institution="" opened="1900-01-01" number="" type="13" name="Federal" description="" currency="GBP"/>
    <ACCOUNT id="A000051" parentaccount="A000047" lastreconciled="" lastmodified="" institution="" opened="1900-01-01" number="" type="13" name="Medicare" description="" currency="GBP"/>
    <ACCOUNT id="A000052" parentaccount="A000047" lastreconciled="" lastmodified="" institution="" opened="1900-01-01" number="" type="13" name="Other Tax" description="" currency="GBP"/>
    <ACCOUNT id="A000053" parentaccount="AStd::Expense" lastreconciled="" lastmodified="" institution="" opened="1900-01-01" number="" type="13" name="Computer" description="" currency="GBP"/>
    <ACCOUNT id="A000054" parentaccount="AStd::Expense" lastreconciled="" lastmodified="" institution="" opened="1900-01-01" number="" type="13" name="Laundry/Dry Cleaning" description="" currency="GBP"/>
    <ACCOUNT id="A000055" parentaccount="AStd::Expense" lastreconciled="" lastmodified="" institution="" opened="1900-01-01" number="" type="13" name="Miscellaneous" description="" currency="GBP"/>
    <ACCOUNT id="A000056" parentaccount="AStd::Expense" lastreconciled="" lastmodified="" institution="" opened="1900-01-01" number="" type="13" name="Groceries" description="" currency="GBP"/>
    <ACCOUNT id="A000057" parentaccount="AStd::Expense" lastreconciled="" lastmodified="" institution="" opened="1900-01-01" number="" type="13" name="Cable" description="" currency="GBP"/>
    <ACCOUNT id="A000058" parentaccount="AStd::Expense" lastreconciled="" lastmodified="" institution="" opened="1900-01-01" number="" type="13" name="Hobbies" description="" currency="GBP"/>
    <ACCOUNT id="A000059" parentaccount="AStd::Liability" lastreconciled="" lastmodified="" institution="" opened="2015-03-27" number="" type="4" name="Credit Card" description="" currency="GBP"/>
    <ACCOUNT id="A000060" parentaccount="AStd::Asset" lastreconciled="" lastmodified="2015-03-27" institution="I000002" opened="2015-01-01" number="Acct2" type="1" name="Foreign Acct" description="" currency="USD">
      <KEYVALUEPAIRS>
        <PAIR key="lastNumberUsed" value="2"/>
      </KEYVALUEPAIRS>
    </ACCOUNT>
    <ACCOUNT id="A000061" parentaccount="AStd::Equity" lastreconciled="" lastmodified="2015-03-27" institution="" opened="2015-01-01" number="" type="16" name="Opening Balances (USD)" description="" currency="USD"/>
  </ACCOUNTS>
  <TRANSACTIONS>
    <TRANSACTION id="T000000000000000001" postdate="2015-01-01" memo="" entrydate="2015-03-27" commodity="GBP">
      <SPLITS>
        <SPLIT id="S0001" payee="" reconciledate="" action="" reconcileflag="0" value="100/1" shares="100/1" price="1/1" memo="" account="A000001" number="" bankid=""/>
        <SPLIT id="S0002" payee="" reconciledate="" action="" reconcileflag="0" value="-100/1" shares="-100/1" price="1/1" memo="" account="A000002" number="" bankid=""/>
      </SPLITS>
    </TRANSACTION>
    <TRANSACTION id="T000000000000000002" postdate="2015-01-01" memo="" entrydate="2015-03-27" commodity="USD">
      <SPLITS>
        <SPLIT id="S0001" payee="" reconciledate="" action="" reconcileflag="0" value="200/1" shares="200/1" price="1/1" memo="" account="A000060" number="" bankid=""/>
        <SPLIT id="S0002" payee="" reconciledate="" action="" reconcileflag="0" value="-200/1" shares="-200/1" price="1/1" memo="" account="A000061" number="" bankid=""/>
      </SPLITS>
    </TRANSACTION>
    <TRANSACTION id="T000000000000000003" postdate="2015-03-27" memo="" entrydate="2015-03-27" commodity="USD">
      <SPLITS>
        <SPLIT id="S0001" payee="P000001" reconciledate="" action="" reconcileflag="0" value="-25/1" shares="-25/1" price="1/1" memo="" account="A000060" number="1" bankid=""/>
        <SPLIT id="S0002" payee="P000001" reconciledate="" action="" reconcileflag="0" value="25/1" shares="20/1" price="5/4" memo="" account="A000020" number="" bankid=""/>
      </SPLITS>
    </TRANSACTION>
    <TRANSACTION id="T000000000000000004" postdate="2015-03-27" memo="" entrydate="2015-03-27" commodity="USD">
      <SPLITS>
        <SPLIT id="S0001" payee="P000002" reconciledate="" action="" reconcileflag="0" value="-3089/25" shares="-3089/25" price="1/1" memo="" account="A000060" number="2" bankid=""/>
        <SPLIT id="S0002" payee="P000002" reconciledate="" action="" reconcileflag="0" value="3089/25" shares="2087/25" price="3089/2087" memo="" account="A000020" number="" bankid=""/>
      </SPLITS>
    </TRANSACTION>
  </TRANSACTIONS>
  <KEYVALUEPAIRS>
    <PAIR key="LastModificationDate" value="2025-01-11T16:10:54+01:00"/>
    <PAIR key="kmm-baseCurrency" value="GBP"/>
    <PAIR key="kmm-id" value="{b0f0d7dd-a98e-44bd-a680-d99463aa4458}"/>
  </KEYVALUEPAIRS>
  <SCHEDULES/>
  <SECURITIES/>
  <CURRENCIES>
    <CURRENCY id="ADF" name="Andorran Franc" symbol="ADF" type="3" rounding-method="0" saf="100" pp="4" scf="100"/>
    <CURRENCY id="ADP" name="Andorran Peseta" symbol="ADP" type="3" rounding-method="0" saf="100" pp="4" scf="100"/>
    <CURRENCY id="AED" name="United Arab Emirates Dirham" symbol="AED" type="3" rounding-method="0" saf="100" pp="4" scf="100"/>
    <CURRENCY id="AFA" name="Afghanistan Afghani" symbol="AFA" type="3" rounding-method="0" saf="100" pp="4" scf="100"/>
    <CURRENCY id="ALL" name="Albanian Lek" symbol="ALL" type="3" rounding-method="0" saf="100" pp="4" scf="100"/>
    <CURRENCY id="ANG" name="Netherland Antillian Guilder" symbol="ANG" type="3" rounding-method="0" saf="100" pp="4" scf="100"/>
    <CURRENCY id="AON" name="Angolan New Kwanza" symbol="AON" type="3" rounding-method="0" saf="100" pp="4" scf="100"/>
    <CURRENCY id="ARS" name="Argentine Peso" symbol="$" type="3" rounding-method="0" saf="100" pp="4" scf="100"/>
    <CURRENCY id="ATS" name="Austrian Schilling" symbol="ÃS" type="3" rounding-method="0" saf="100" pp="4" scf="100"/>
    <CURRENCY id="AUD" name="Australian Dollar" symbol="$" type="3" rounding-method="0" saf="100" pp="4" scf="100"/>
    <CURRENCY id="AWG" name="Aruban Florin" symbol="AWG" type="3" rounding-method="0" saf="100" pp="4" scf="100"/>
    <CURRENCY id="AZM" name="Azerbaijani Manat" symbol="m." type="3" rounding-method="0" saf="100" pp="4" scf="100"/>
    <CURRENCY id="AZN" name="Azerbaijani Manat" symbol="m." type="3" rounding-method="0" saf="100" pp="4" scf="100"/>
    <CURRENCY id="BAM" name="Bosnian Convertible Mark" symbol="BAM" type="3" rounding-method="0" saf="100" pp="4" scf="100"/>
    <CURRENCY id="BBD" name="Barbados Dollar" symbol="$" type="3" rounding-method="0" saf="100" pp="4" scf="100"/>
    <CURRENCY id="BDT" name="Bangladeshi Taka" symbol="BDT" type="3" rounding-method="0" saf="100" pp="4" scf="100"/>
    <CURRENCY id="BEF" name="Belgian Franc" symbol="Fr" type="3" rounding-method="0" saf="100" pp="4" scf="100"/>
    <CURRENCY id="BGL" name="Bulgarian Lev" symbol="BGL" type="3" rounding-method="0" saf="100" pp="4" scf="100"/>
    <CURRENCY id="BGN" name="Bulgarian Lev (new)" symbol="BGN" type="3" rounding-method="0" saf="100" pp="4" scf="100"/>
    <CURRENCY id="BHD" name="Bahraini Dinar" symbol="BHD" type="3" rounding-method="0" saf="1000" pp="4" scf="1000"/>
    <CURRENCY id="BIF" name="Burundi Franc" symbol="BIF" type="3" rounding-method="0" saf="100" pp="4" scf="100"/>
    <CURRENCY id="BMD" name="Bermudian Dollar" symbol="$" type="3" rounding-method="0" saf="100" pp="4" scf="100"/>
    <CURRENCY id="BND" name="Brunei Dollar" symbol="$" type="3" rounding-method="0" saf="100" pp="4" scf="100"/>
    <CURRENCY id="BOB" name="Bolivian Boliviano" symbol="BOB" type="3" rounding-method="0" saf="100" pp="4" scf="100"/>
    <CURRENCY id="BRL" name="Brazilian Real" symbol="R$" type="3" rounding-method="0" saf="100" pp="4" scf="100"/>
    <CURRENCY id="BSD" name="Bahamian Dollar" symbol="$" type="3" rounding-method="0" saf="100" pp="4" scf="100"/>
    <CURRENCY id="BTN" name="Bhutan Ngultrum" symbol="BTN" type="3" rounding-method="0" saf="100" pp="4" scf="100"/>
    <CURRENCY id="BWP" name="Botswana Pula" symbol="BWP" type="3" rounding-method="0" saf="100" pp="4" scf="100"/>
    <CURRENCY id="BYR" name="Belarusian Ruble (old)" symbol="BYR" type="3" rounding-method="0" saf="1" pp="4" scf="1"/>
    <CURRENCY id="BZD" name="Belize Dollar" symbol="$" type="3" rounding-method="0" saf="100" pp="4" scf="100"/>
    <CURRENCY id="CAD" name="Canadian Dollar" symbol="$" type="3" rounding-method="0" saf="100" pp="4" scf="100"/>
    <CURRENCY id="CHF" name="Swiss Franc" symbol="SFr" type="3" rounding-method="0" saf="100" pp="4" scf="100"/>
    <CURRENCY id="CLP" name="Chilean Peso" symbol="CLP" type="3" rounding-method="0" saf="100" pp="4" scf="100"/>
    <CURRENCY id="CNY" name="Chinese Yuan Renminbi" symbol="CNY" type="3" rounding-method="0" saf="100" pp="4" scf="100"/>
    <CURRENCY id="COP" name="Colombian Peso" symbol="COP" type="3" rounding-method="0" saf="100" pp="4" scf="100"/>
    <CURRENCY id="CRC" name="Costa Rican Colon" symbol="₡" type="3" rounding-method="0" saf="100" pp="4" scf="100"/>
    <CURRENCY id="CUP" name="Cuban Peso" symbol="CUP" type="3" rounding-method="0" saf="100" pp="4" scf="100"/>
    <CURRENCY id="CVE" name="Cape Verde Escudo" symbol="CVE" type="3" rounding-method="0" saf="100" pp="4" scf="100"/>
    <CURRENCY id="CYP" name="Cyprus Pound" symbol="C£" type="3" rounding-method="0" saf="100" pp="4" scf="100"/>
    <CURRENCY id="CZK" name="Czech Koruna" symbol="CZK" type="3" rounding-method="0" saf="100" pp="4" scf="100"/>
    <CURRENCY id="DEM" name="German Mark" symbol="DM" type="3" rounding-method="0" saf="100" pp="4" scf="100"/>
    <CURRENCY id="DJF" name="Djibouti Franc" symbol="DJF" type="3" rounding-method="0" saf="100" pp="4" scf="100"/>
    <CURRENCY id="DKK" name="Danish Krone" symbol="kr" type="3" rounding-method="0" saf="100" pp="4" scf="100"/>
    <CURRENCY id="DOP" name="Dominican Peso" symbol="DOP" type="3" rounding-method="0" saf="100" pp="4" scf="100"/>
    <CURRENCY id="DZD" name="Algerian Dinar" symbol="DZD" type="3" rounding-method="0" saf="100" pp="4" scf="100"/>
    <CURRENCY id="EEK" name="Estonian Kroon" symbol="EEK" type="3" rounding-method="0" saf="100" pp="4" scf="100"/>
    <CURRENCY id="EGP" name="Egyptian Pound" symbol="£" type="3" rounding-method="0" saf="100" pp="4" scf="100"/>
    <CURRENCY id="ERN" name="Eritrean Nakfa" symbol="ERN" type="3" rounding-method="0" saf="100" pp="4" scf="100"/>
    <CURRENCY id="ESP" name="Spanish Peseta" symbol="ESP" type="3" rounding-method="0" saf="100" pp="4" scf="100"/>
    <CURRENCY id="ETB" name="Ethiopian Birr" symbol="ETB" type="3" rounding-method="0" saf="100" pp="4" scf="100"/>
    <CURRENCY id="EUR" name="Euro" symbol="€" type="3" rounding-method="0" saf="100" pp="4" scf="100"/>
    <CURRENCY id="FIM" name="Finnish Markka" symbol="FIM" type="3" rounding-method="0" saf="100" pp="4" scf="100"/>
    <CURRENCY id="FJD" name="Fiji Dollar" symbol="$" type="3" rounding-method="0" saf="100" pp="4" scf="100"/>
    <CURRENCY id="FKP" name="Falkland Islands Pound" symbol="£" type="3" rounding-method="0" saf="100" pp="4" scf="100"/>
    <CURRENCY id="FRF" name="French Franc" symbol="FF" type="3" rounding-method="0" saf="100" pp="4" scf="100"/>
    <CURRENCY id="GBP" name="British Pound" symbol="£" type="3" rounding-method="0" saf="100" pp="4" scf="100"/>
    <CURRENCY id="GEL" name="Georgian Lari" symbol="GEL" type="3" rounding-method="0" saf="100" pp="4" scf="100"/>
    <CURRENCY id="GHC" name="Ghanaian Cedi" symbol="GHC" type="3" rounding-method="0" saf="100" pp="4" scf="100"/>
    <CURRENCY id="GIP" name="Gibraltar Pound" symbol="£" type="3" rounding-method="0" saf="100" pp="4" scf="100"/>
    <CURRENCY id="GMD" name="Gambian Dalasi" symbol="GMD" type="3" rounding-method="0" saf="100" pp="4" scf="100"/>
    <CURRENCY id="GRD" name="Greek Drachma" symbol="₯" type="3" rounding-method="0" saf="100" pp="4" scf="100"/>
    <CURRENCY id="GTQ" name="Guatemalan Quetzal" symbol="GTQ" type="3" rounding-method="0" saf="100" pp="4" scf="100"/>
    <CURRENCY id="GWP" name="Guinea-Bissau Peso" symbol="GWP" type="3" rounding-method="0" saf="100" pp="4" scf="100"/>
    <CURRENCY id="GYD" name="Guyanan Dollar" symbol="$" type="3" rounding-method="0" saf="100" pp="4" scf="100"/>
    <CURRENCY id="HKD" name="Hong Kong Dollar" symbol="$" type="3" rounding-method="0" saf="100" pp="4" scf="100"/>
    <CURRENCY id="HNL" name="Honduran Lempira" symbol="HNL" type="3" rounding-method="0" saf="100" pp="4" scf="100"/>
    <CURRENCY id="HRK" name="Croatian Kuna" symbol="HRK" type="3" rounding-method="0" saf="100" pp="4" scf="100"/>
    <CURRENCY id="HTG" name="Haitian Gourde" symbol="HTG" type="3" rounding-method="0" saf="100" pp="4" scf="100"/>
    <CURRENCY id="HUF" name="Hungarian Forint" symbol="HUF" type="3" rounding-method="0" saf="100" pp="4" scf="1"/>
    <CURRENCY id="IDR" name="Indonesian Rupiah" symbol="IDR" type="3" rounding-method="0" saf="1" pp="4" scf="1"/>
    <CURRENCY id="IEP" name="Irish Pound" symbol="£" type="3" rounding-method="0" saf="100" pp="4" scf="100"/>
    <CURRENCY id="ILS" name="Israeli New Shekel" symbol="₪" type="3" rounding-method="0" saf="100" pp="4" scf="100"/>
    <CURRENCY id="INR" name="Indian Rupee" symbol="₨" type="3" rounding-method="0" saf="100" pp="4" scf="100"/>
    <CURRENCY id="IQD" name="Iraqi Dinar" symbol="IQD" type="3" rounding-method="0" saf="1000" pp="4" scf="1000"/>
    <CURRENCY id="IRR" name="Iranian Rial" symbol="IRR" type="3" rounding-method="0" saf="1" pp="4" scf="1"/>
    <CURRENCY id="ISK" name="Iceland Krona" symbol="ISK" type="3" rounding-method="0" saf="100" pp="4" scf="100"/>
    <CURRENCY id="ITL" name="Italian Lira" symbol="₤" type="3" rounding-method="0" saf="100" pp="4" scf="100"/>
    <CURRENCY id="JMD" name="Jamaican Dollar" symbol="$" type="3" rounding-method="0" saf="100" pp="4" scf="100"/>
    <CURRENCY id="JOD" name="Jordanian Dinar" symbol="JOD" type="3" rounding-method="0" saf="1000" pp="4" scf="1000"/>
    <CURRENCY id="JPY" name="Japanese Yen" symbol="¥" type="3" rounding-method="0" saf="1" pp="4" scf="1"/>
    <CURRENCY id="KES" name="Kenyan Shilling" symbol="KES" type="3" rounding-method="0" saf="100" pp="4" scf="100"/>
    <CURRENCY id="KGS" name="Kyrgyzstan Som" symbol="KGS" type="3" rounding-method="0" saf="100" pp="4" scf="100"/>
    <CURRENCY id="KHR" name="Cambodia Riel" symbol="KHR" type="3" rounding-method="0" saf="100" pp="4" scf="100"/>
    <CURRENCY id="KMF" name="Comoros Franc" symbol="KMF" type="3" rounding-method="0" saf="100" pp="4" scf="100"/>
    <CURRENCY id="KPW" name="North Korean Won" symbol="₩" type="3" rounding-method="0" saf="100" pp="4" scf="100"/>
    <CURRENCY id="KRW" name="South Korean Won" symbol="₩" type="3" rounding-method="0" saf="100" pp="4" scf="100"/>
    <CURRENCY id="KWD" name="Kuwaiti Dinar" symbol="KWD" type="3" rounding-method="0" saf="1000" pp="4" scf="1000"/>
    <CURRENCY id="KYD" name="Cayman Islands Dollar" symbol="$" type="3" rounding-method="0" saf="100" pp="4" scf="100"/>
    <CURRENCY id="KZT" name="Kazakhstan Tenge" symbol="KZT" type="3" rounding-method="0" saf="100" pp="4" scf="100"/>
    <CURRENCY id="LAK" name="Laos Kip" symbol="₭" type="3" rounding-method="0" saf="100" pp="4" scf="100"/>
    <CURRENCY id="LBP" name="Lebanese Pound" symbol="£" type="3" rounding-method="0" saf="100" pp="4" scf="100"/>
    <CURRENCY id="LKR" name="Sri Lanka Rupee" symbol="LKR" type="3" rounding-method="0" saf="100" pp="4" scf="100"/>
    <CURRENCY id="LRD" name="Liberian Dollar" symbol="$" type="3" rounding-method="0" saf="100" pp="4" scf="100"/>
    <CURRENCY id="LSL" name="Lesotho Loti" symbol="LSL" type="3" rounding-method="0" saf="100" pp="4" scf="100"/>
    <CURRENCY id="LTL" name="Lithuanian Litas" symbol="LTL" type="3" rounding-method="0" saf="100" pp="4" scf="100"/>
    <CURRENCY id="LUF" name="Luxembourg Franc" symbol="Fr" type="3" rounding-method="0" saf="100" pp="4" scf="100"/>
    <CURRENCY id="LVL" name="Latvian Lats" symbol="LVL" type="3" rounding-method="0" saf="100" pp="4" scf="100"/>
    <CURRENCY id="LYD" name="Libyan Dinar" symbol="LYD" type="3" rounding-method="0" saf="1000" pp="4" scf="1000"/>
    <CURRENCY id="MAD" name="Moroccan Dirham" symbol="MAD" type="3" rounding-method="0" saf="100" pp="4" scf="100"/>
    <CURRENCY id="MDL" name="Moldavian Leu" symbol="MDL" type="3" rounding-method="0" saf="100" pp="4" scf="100"/>
    <CURRENCY id="MGF" name="Malagasy Franc" symbol="MGF" type="3" rounding-method="0" saf="500" pp="4" scf="500"/>
    <CURRENCY id="MKD" name="Macedonian Denar" symbol="MKD" type="3" rounding-method="0" saf="100" pp="4" scf="100"/>
    <CURRENCY id="MLF" name="Mali Republic Franc" symbol="MLF" type="3" rounding-method="0" saf="100" pp="4" scf="100"/>
    <CURRENCY id="MMK" name="Myanmar Kyat" symbol="MMK" type="3" rounding-method="0" saf="100" pp="4" scf="100"/>
    <CURRENCY id="MNT" name="Mongolian Tugrik" symbol="₮" type="3" rounding-method="0" saf="100" pp="4" scf="100"/>
    <CURRENCY id="MOP" name="Macau Pataca" symbol="MOP" type="3" rounding-method="0" saf="100" pp="4" scf="100"/>
    <CURRENCY id="MRO" name="Mauritanian Ouguiya" symbol="MRO" type="3" rounding-method="0" saf="5" pp="4" scf="5"/>
    <CURRENCY id="MTL" name="Maltese Lira" symbol="MTL" type="3" rounding-method="0" saf="100" pp="4" scf="100"/>
    <CURRENCY id="MUR" name="Mauritius Rupee" symbol="MUR" type="3" rounding-method="0" saf="100" pp="4" scf="100"/>
    <CURRENCY id="MVR" name="Maldive Rufiyaa" symbol="MVR" type="3" rounding-method="0" saf="100" pp="4" scf="100"/>
    <CURRENCY id="MWK" name="Malawi Kwacha" symbol="MWK" type="3" rounding-method="0" saf="100" pp="4" scf="100"/>
    <CURRENCY id="MXN" name="Mexican Peso" symbol="$" type="3" rounding-method="0" saf="100" pp="4" scf="100"/>
    <CURRENCY id="MYR" name="Malaysian Ringgit" symbol="MYR" type="3" rounding-method="0" saf="100" pp="4" scf="100"/>
    <CURRENCY id="MZM" name="Mozambique Metical" symbol="MT" type="3" rounding-method="0" saf="100" pp="4" scf="100"/>
    <CURRENCY id="MZN" name="Mozambique Metical" symbol="MT" type="3" rounding-method="0" saf="100" pp="4" scf="100"/>
    <CURRENCY id="NAD" name="Namibian Dollar" symbol="$" type="3" rounding-method="0" saf="100" pp="4" scf="100"/>
    <CURRENCY id="NGN" name="Nigerian Naira" symbol="₦" type="3" rounding-method="0" saf="100" pp="4" scf="100"/>
    <CURRENCY id="NIC" name="Nicaraguan Cordoba Oro" symbol="NIC" type="3" rounding-method="0" saf="100" pp="4" scf="100"/>
    <CURRENCY id="NLG" name="Dutch Guilder" symbol="NLG" type="3" rounding-method="0" saf="100" pp="4" scf="100"/>
    <CURRENCY id="NOK" name="Norwegian Kroner" symbol="kr" type="3" rounding-method="0" saf="100" pp="4" scf="100"/>
    <CURRENCY id="NPR" name="Nepalese Rupee" symbol="NPR" type="3" rounding-method="0" saf="100" pp="4" scf="100"/>
    <CURRENCY id="NZD" name="New Zealand Dollar" symbol="$" type="3" rounding-method="0" saf="100" pp="4" scf="100"/>
    <CURRENCY id="OMR" name="Omani Rial" symbol="OMR" type="3" rounding-method="0" saf="1000" pp="4" scf="1000"/>
    <CURRENCY id="PAB" name="Panamanian Balboa" symbol="PAB" type="3" rounding-method="0" saf="100" pp="4" scf="100"/>
    <CURRENCY id="PEN" name="Peruvian Nuevo Sol" symbol="PEN" type="3" rounding-method="0" saf="100" pp="4" scf="100"/>
    <CURRENCY id="PGK" name="Papua New Guinea Kina" symbol="PGK" type="3" rounding-method="0" saf="100" pp="4" scf="100"/>
    <CURRENCY id="PHP" name="Philippine Peso" symbol="₱" type="3" rounding-method="0" saf="100" pp="4" scf="100"/>
    <CURRENCY id="PKR" name="Pakistan Rupee" symbol="PKR" type="3" rounding-method="0" saf="100" pp="4" scf="100"/>
    <CURRENCY id="PLN" name="Polish Zloty" symbol="PLN" type="3" rounding-method="0" saf="100" pp="4" scf="100"/>
    <CURRENCY id="PTE" name="Portuguese Escudo" symbol="PTE" type="3" rounding-method="0" saf="100" pp="4" scf="100"/>
    <CURRENCY id="PYG" name="Paraguay Guarani" symbol="PYG" type="3" rounding-method="0" saf="100" pp="4" scf="100"/>
    <CURRENCY id="QAR" name="Qatari Rial" symbol="QAR" type="3" rounding-method="0" saf="100" pp="4" scf="100"/>
    <CURRENCY id="ROL" name="Romanian Leu" symbol="ROL" type="3" rounding-method="0" saf="100" pp="4" scf="100"/>
    <CURRENCY id="RON" name="Romanian Leu (new)" symbol="RON" type="3" rounding-method="0" saf="100" pp="4" scf="100"/>
    <CURRENCY id="RSD" name="Serbian Dinar" symbol="RSD" type="3" rounding-method="0" saf="100" pp="4" scf="100"/>
    <CURRENCY id="RUB" name="Russian Ruble" symbol="RUB" type="3" rounding-method="0" saf="100" pp="4" scf="100"/>
    <CURRENCY id="RUR" name="Russian Ruble (old)" symbol="RUR" type="3" rounding-method="0" saf="100" pp="4" scf="100"/>
    <CURRENCY id="RWF" name="Rwanda Franc" symbol="RWF" type="3" rounding-method="0" saf="100" pp="4" scf="100"/>
    <CURRENCY id="SAR" name="Saudi Riyal" symbol="SAR" type="3" rounding-method="0" saf="100" pp="4" scf="100"/>
    <CURRENCY id="SBD" name="Solomon Islands Dollar" symbol="$" type="3" rounding-method="0" saf="100" pp="4" scf="100"/>
    <CURRENCY id="SCR" name="Seychelles Rupee" symbol="SCR" type="3" rounding-method="0" saf="100" pp="4" scf="100"/>
    <CURRENCY id="SDD" name="Sudanese Dinar" symbol="SDD" type="3" rounding-method="0" saf="100" pp="4" scf="100"/>
    <CURRENCY id="SEK" name="Swedish Krona" symbol="SEK" type="3" rounding-method="0" saf="100" pp="4" scf="100"/>
    <CURRENCY id="SGD" name="Singapore Dollar" symbol="$" type="3" rounding-method="0" saf="100" pp="4" scf="100"/>
    <CURRENCY id="SHP" name="St. Helena Pound" symbol="£" type="3" rounding-method="0" saf="100" pp="4" scf="100"/>
    <CURRENCY id="SIT" name="Slovenian Tolar" symbol="SIT" type="3" rounding-method="0" saf="100" pp="4" scf="100"/>
    <CURRENCY id="SKK" name="Slovak Koruna" symbol="SKK" type="3" rounding-method="0" saf="100" pp="4" scf="100"/>
    <CURRENCY id="SLL" name="Sierra Leone Leone" symbol="SLL" type="3" rounding-method="0" saf="100" pp="4" scf="100"/>
    <CURRENCY id="SOS" name="Somali Shilling" symbol="SOS" type="3" rounding-method="0" saf="100" pp="4" scf="100"/>
    <CURRENCY id="SRG" name="Suriname Guilder" symbol="SRG" type="3" rounding-method="0" saf="100" pp="4" scf="100"/>
    <CURRENCY id="STD" name="Sao Tome and Principe Dobra" symbol="STD" type="3" rounding-method="0" saf="100" pp="4" scf="100"/>
    <CURRENCY id="SVC" name="El Salvador Colon" symbol="SVC" type="3" rounding-method="0" saf="100" pp="4" scf="100"/>
    <CURRENCY id="SYP" name="Syrian Pound" symbol="£" type="3" rounding-method="0" saf="100" pp="4" scf="100"/>
    <CURRENCY id="SZL" name="Swaziland Lilangeni" symbol="SZL" type="3" rounding-method="0" saf="100" pp="4" scf="100"/>
    <CURRENCY id="THB" name="Thai Baht" symbol="฿" type="3" rounding-method="0" saf="100" pp="4" scf="100"/>
    <CURRENCY id="TJS" name="Tajikistan Somoni" symbol="TJS" type="3" rounding-method="0" saf="100" pp="4" scf="100"/>
    <CURRENCY id="TMM" name="Turkmenistan Manat" symbol="TMM" type="3" rounding-method="0" saf="100" pp="4" scf="100"/>
    <CURRENCY id="TND" name="Tunisian Dinar" symbol="TND" type="3" rounding-method="0" saf="1000" pp="4" scf="1000"/>
    <CURRENCY id="TOP" name="Tongan Pa'anga" symbol="TOP" type="3" rounding-method="0" saf="100" pp="4" scf="100"/>
    <CURRENCY id="TRL" name="Turkish Lira (old)" symbol="TL" type="3" rounding-method="0" saf="100" pp="4" scf="100"/>
    <CURRENCY id="TRY" name="Turkish Lira" symbol="YTL" type="3" rounding-method="0" saf="100" pp="4" scf="100"/>
    <CURRENCY id="TTD" name="Trinidad and Tobago Dollar" symbol="$" type="3" rounding-method="0" saf="100" pp="4" scf="100"/>
    <CURRENCY id="TWD" name="Taiwan Dollar" symbol="$" type="3" rounding-method="0" saf="100" pp="4" scf="100"/>
    <CURRENCY id="TZS" name="Tanzanian Shilling" symbol="TZS" type="3" rounding-method="0" saf="100" pp="4" scf="100"/>
    <CURRENCY id="UAH" name="Ukraine Hryvnia" symbol="UAH" type="3" rounding-method="0" saf="100" pp="4" scf="100"/>
    <CURRENCY id="UGX" name="Uganda Shilling" symbol="UGX" type="3" rounding-method="0" saf="100" pp="4" scf="100"/>
    <CURRENCY id="USD" name="US Dollar" symbol="$" type="3" rounding-method="0" saf="100" pp="4" scf="100"/>
    <CURRENCY id="UYU" name="Uruguayan Peso" symbol="UYU" type="3" rounding-method="0" saf="100" pp="4" scf="100"/>
    <CURRENCY id="UZS" name="Uzbekistani Sum" symbol="UZS" type="3" rounding-method="0" saf="100" pp="4" scf="100"/>
    <CURRENCY id="VEB" name="Venezuelan Bolivar" symbol="VEB" type="3" rounding-method="0" saf="100" pp="4" scf="100"/>
    <CURRENCY id="VND" name="Vietnamese Dong" symbol="₫" type="3" rounding-method="0" saf="100" pp="4" scf="100"/>
    <CURRENCY id="VUV" name="Vanuatu Vatu" symbol="VUV" type="3" rounding-method="0" saf="100" pp="4" scf="100"/>
    <CURRENCY id="WST" name="Samoan Tala" symbol="WST" type="3" rounding-method="0" saf="100" pp="4" scf="100"/>
    <CURRENCY id="XAF" name="CFA Franc BEAC" symbol="XAF" type="3" rounding-method="0" saf="100" pp="4" scf="100"/>
    <CURRENCY id="XAG" name="Silver" symbol="XAG" type="3" rounding-method="0" saf="1000000" pp="4" scf="1000000"/>
    <CURRENCY id="XAU" name="Gold" symbol="XAU" type="3" rounding-method="0" saf="1000000" pp="4" scf="1000000"/>
    <CURRENCY id="XCD" name="East Caribbean Dollar" symbol="$" type="3" rounding-method="0" saf="100" pp="4" scf="100"/>
    <CURRENCY id="XOF" name="CFA Franc BCEAO" symbol="XOF" type="3" rounding-method="0" saf="100" pp="4" scf="100"/>
    <CURRENCY id="XPD" name="Palladium" symbol="XPD" type="3" rounding-method="0" saf="1000000" pp="4" scf="1000000"/>
    <CURRENCY id="XPF" name="CFP Franc Pacifique" symbol="F" type="3" rounding-method="0" saf="100" pp="4" scf="1"/>
    <CURRENCY id="XPT" name="Platinum" symbol="XPT" type="3" rounding-method="0" saf="1000000" pp="4" scf="1000000"/>
    <CURRENCY id="YUM" name="Yugoslav Dinar" symbol="YUM" type="3" rounding-method="0" saf="100" pp="4" scf="100"/>
    <CURRENCY id="ZAR" name="South African Rand" symbol="ZAR" type="3" rounding-method="0" saf="100" pp="4" scf="100"/>
    <CURRENCY id="ZMK" name="Zambian Kwacha (old)" symbol="ZMK" type="3" rounding-method="0" saf="100" pp="4" scf="100"/>
    <CURRENCY id="ZWD" name="Zimbabwe Dollar" symbol="$" type="3" rounding-method="0" saf="100" pp="4" scf="100"/>
  </CURRENCIES>
  <PRICES>
    <PRICEPAIR from="ATS" to="EUR">
      <PRICE date="1998-12-31" price="10000/137603" source="KMyMoney"/>
    </PRICEPAIR>
    <PRICEPAIR from="AZM" to="AZN">
      <PRICE date="2006-01-01" price="1/5000" source="KMyMoney"/>
    </PRICEPAIR>
    <PRICEPAIR from="BEF" to="EUR">
      <PRICE date="1998-12-31" price="10000/403399" source="KMyMoney"/>
    </PRICEPAIR>
    <PRICEPAIR from="BGL" to="BGN">
      <PRICE date="1999-07-05" price="1/1000" source="KMyMoney"/>
    </PRICEPAIR>
    <PRICEPAIR from="CYP" to="EUR">
      <PRICE date="2008-01-01" price="292637/500000" source="KMyMoney"/>
    </PRICEPAIR>
    <PRICEPAIR from="DEM" to="EUR">
      <PRICE date="1998-12-31" price="100000/195583" source="KMyMoney"/>
    </PRICEPAIR>
    <PRICEPAIR from="ESP" to="EUR">
      <PRICE date="1998-12-31" price="500/83193" source="KMyMoney"/>
    </PRICEPAIR>
    <PRICEPAIR from="FIM" to="EUR">
      <PRICE date="1998-12-31" price="100000/594573" source="KMyMoney"/>
    </PRICEPAIR>
    <PRICEPAIR from="FRF" to="EUR">
      <PRICE date="1998-12-31" price="100000/655957" source="KMyMoney"/>
    </PRICEPAIR>
    <PRICEPAIR from="GBP" to="USD">
      <PRICE date="2015-01-01" price="1/1" source="User"/>
    </PRICEPAIR>
    <PRICEPAIR from="GRD" to="EUR">
      <PRICE date="1998-12-31" price="4/1363" source="KMyMoney"/>
    </PRICEPAIR>
    <PRICEPAIR from="IEP" to="EUR">
      <PRICE date="1998-12-31" price="250000/196891" source="KMyMoney"/>
    </PRICEPAIR>
    <PRICEPAIR from="ITL" to="EUR">
      <PRICE date="1998-12-31" price="100/193627" source="KMyMoney"/>
    </PRICEPAIR>
    <PRICEPAIR from="LUF" to="EUR">
      <PRICE date="1998-12-31" price="10000/403399" source="KMyMoney"/>
    </PRICEPAIR>
    <PRICEPAIR from="MTL" to="EUR">
      <PRICE date="2008-01-01" price="4293/10000" source="KMyMoney"/>
    </PRICEPAIR>
    <PRICEPAIR from="MZM" to="MZN">
      <PRICE date="2006-07-01" price="1/1000" source="KMyMoney"/>
    </PRICEPAIR>
    <PRICEPAIR from="NLG" to="EUR">
      <PRICE date="1998-12-31" price="100000/220371" source="KMyMoney"/>
    </PRICEPAIR>
    <PRICEPAIR from="PTE" to="EUR">
      <PRICE date="1998-12-31" price="500/100241" source="KMyMoney"/>
    </PRICEPAIR>
    <PRICEPAIR from="ROL" to="RON">
      <PRICE date="2005-06-30" price="1/10000" source="KMyMoney"/>
    </PRICEPAIR>
    <PRICEPAIR from="RUR" to="RUB">
      <PRICE date="1998-01-01" price="1/1000" source="KMyMoney"/>
    </PRICEPAIR>
    <PRICEPAIR from="SIT" to="EUR">
      <PRICE date="2006-12-31" price="25/5991" source="KMyMoney"/>
    </PRICEPAIR>
    <PRICEPAIR from="SKK" to="EUR">
      <PRICE date="2008-12-31" price="500/15063" source="KMyMoney"/>
    </PRICEPAIR>
    <PRICEPAIR from="TRL" to="TRY">
      <PRICE date="2004-12-31" price="1/1000000" source="KMyMoney"/>
    </PRICEPAIR>
    <PRICEPAIR from="USD" to="GBP">
      <PRICE date="2015-03-27" price="1689/2500" source="User"/>
    </PRICEPAIR>
  </PRICES>
  <REPORTS>
    <REPORT id="R000006" type="querytable 1.15" group="Transactions" name="Transactions by Account (with conversion)" comment="Custom Report" convertcurrency="1" favorite="0" skipZero="0" datelock="untiltoday" rowtype="account" querycolumns="number,payee,category,tag,balance" tax="0" propBudgetDiff="0" investments="0" loans="0" hidetransactions="0" showcolumntotals="1" detail="all" includestransfers="0">
      <ACCOUNTGROUP group="asset"/>
      <ACCOUNTGROUP group="assetloan"/>
      <ACCOUNTGROUP group="cash"/>
      <ACCOUNTGROUP group="checkings"/>
      <ACCOUNTGROUP group="creditcard"/>
      <ACCOUNTGROUP group="expense"/>
      <ACCOUNTGROUP group="income"/>
      <ACCOUNTGROUP group="liability"/>
      <ACCOUNTGROUP group="loan"/>
      <ACCOUNTGROUP group="savings"/>
      <ACCOUNTGROUP group="stock"/>
    </REPORT>
    <REPORT id="R000008" type="querytable 1.15" group="Transactions" name="Transactions by Account (without conversion)" comment="Custom Report" convertcurrency="0" favorite="0" skipZero="0" datelock="untiltoday" rowtype="account" querycolumns="number,payee,category,tag,balance" tax="0" propBudgetDiff="0" investments="0" loans="0" hidetransactions="0" showcolumntotals="1" detail="all" includestransfers="0">
      <ACCOUNTGROUP group="asset"/>
      <ACCOUNTGROUP group="assetloan"/>
      <ACCOUNTGROUP group="cash"/>
      <ACCOUNTGROUP group="checkings"/>
      <ACCOUNTGROUP group="creditcard"/>
      <ACCOUNTGROUP group="expense"/>
      <ACCOUNTGROUP group="income"/>
      <ACCOUNTGROUP group="liability"/>
      <ACCOUNTGROUP group="loan"/>
      <ACCOUNTGROUP group="savings"/>
      <ACCOUNTGROUP group="stock"/>
    </REPORT>
  </REPORTS>
  <BUDGETS/>
  <ONLINEJOBS/>
</KMYMONEY-FILE>
